<?xml version="1.0" encoding="UTF-8"?><collection xmlns="http://www.loc.gov/MARC21/slim"><record><leader>00464nam--2200133-i-4500</leader><controlfield tag="001">000010169</controlfield><controlfield tag="002">20161230</controlfield><controlfield tag="005">20170222170212</controlfield><controlfield tag="008">060222s1000------------r-----000-0-eng-d</controlfield><datafield ind1=" " ind2=" " tag="245"><subfield code="a">Cercetari de fizica teoretica si cercetari exp erimentale in fizica particulelor elementare din institutul de fizica atomica. Anuar, octombrie 1970-septembrie 1971</subfield></datafield><datafield ind1=" " ind2=" " tag="260"><subfield code="a">Bucharest</subfield><subfield code="b">I.F.A</subfield><subfield code="c">1971</subfield></datafield><datafield ind1=" " ind2=" " tag="300"><subfield code="a">35 p</subfield></datafield><datafield ind1=" " ind2=" " tag="852"><subfield code="a">001.818:530.1:539.12</subfield></datafield><datafield ind1=" " ind2=" " tag="CAT"><subfield code="a">SYS</subfield><subfield code="c">20170222</subfield><subfield code="h">170212</subfield></datafield></record></collection>